<collection xmlns="http://www.loc.gov/MARC21/slim">
<record>
  <leader>01671nam0a22002891i 450 </leader>
  <controlfield tag="001">IT\ICCU\CNCE\076811</controlfield>
  <controlfield tag="005">20111020000000.0</controlfield>
  <datafield tag="012" ind1=" " ind2=" ">
    <subfield code="a">o.e. ,&amp;a- maoi unci (C) 1563 (R)</subfield>
    <subfield code="2">fei</subfield>
  </datafield>
  <datafield tag="100" ind1=" " ind2=" ">
    <subfield code="a">20111019d1563        0itac0103    ba</subfield>
  </datafield>
  <datafield tag="101" ind1=" " ind2=" ">
    <subfield code="a">ITA</subfield>
  </datafield>
  <datafield tag="102" ind1=" " ind2=" ">
    <subfield code="a">IT</subfield>
  </datafield>
  <datafield tag="200" ind1="1" ind2=" ">
    <subfield code="a">Dialogo di tutte le cose notabili che sono in Venetia cioe, pittori &amp; pitture. Scultori &amp; scolture. Vsanze antiche. Fabriche e palazzi. Huomini virtuosi. Principi di Venetia. Con la prima origine della edification di essa citta</subfield>
  </datafield>
  <datafield tag="210" ind1=" " ind2=" ">
    <subfield code="a">In Venetia</subfield>
    <subfield code="c">\Girolamo Calepino!</subfield>
    <subfield code="d">1563</subfield>
    <subfield code="e">In Venetia</subfield>
    <subfield code="g">per Gieronimo Calepino</subfield>
    <subfield code="h">1563</subfield>
  </datafield>
  <datafield tag="215" ind1=" " ind2=" ">
    <subfield code="a">\40! c.</subfield>
    <subfield code="d">8ʻ</subfield>
  </datafield>
  <datafield tag="620" ind1=" " ind2=" ">
    <subfield code="a">IT</subfield>
    <subfield code="d">Venezia</subfield>
  </datafield>
  <datafield tag="700" ind1=" " ind2="1">
    <subfield code="a">Sansovino,</subfield>
    <subfield code="b">Francesco</subfield>
    <subfield code="3">IT\ICCU\CNCA\000140</subfield>
  </datafield>
  <datafield tag="712" ind1="0" ind2="0">
    <subfield code="a">Calepino, Girolamo</subfield>
    <subfield code="3">IT\ICCU\CNCT\000733</subfield>
    <subfield code="4">650</subfield>
  </datafield>
  <datafield tag="790" ind1=" " ind2="1">
    <subfield code="a">Tatti,</subfield>
    <subfield code="b">Giovanni</subfield>
    <subfield code="3">IT\ICCU\CNCA\018531</subfield>
    <subfield code="z">Sansovino, Francesco</subfield>
  </datafield>
  <datafield tag="790" ind1=" " ind2="1">
    <subfield code="a">Guisconi,</subfield>
    <subfield code="b">Anselmo</subfield>
    <subfield code="3">IT\ICCU\CNCA\026417</subfield>
    <subfield code="z">Sansovino, Francesco</subfield>
  </datafield>
  <datafield tag="791" ind1="0" ind2="0">
    <subfield code="a">Calepinus, Hieronymus</subfield>
    <subfield code="3">IT\ICCU\CNCT\004393</subfield>
    <subfield code="z">Calepino, Girolamo</subfield>
  </datafield>
  <datafield tag="791" ind1="0" ind2="0">
    <subfield code="a">Calupino, Gerolamo</subfield>
    <subfield code="3">IT\ICCU\CNCT\004396</subfield>
    <subfield code="z">Calepino, Girolamo</subfield>
  </datafield>
  <datafield tag="801" ind1=" " ind2="3">
    <subfield code="a">IT</subfield>
    <subfield code="b">ICCU</subfield>
    <subfield code="c">20201115</subfield>
  </datafield>
  <datafield tag="899" ind1=" " ind2=" ">
    <subfield code="a">Biblioteche della Fondazione Giorgio Cini onlus. Venezia</subfield>
    <subfield code="1">VE0239</subfield>
    <subfield code="2">VEA FC</subfield>
  </datafield>
  <datafield tag="911" ind1=" " ind2=" ">
    <subfield code="a">Sul front.</subfield>
    <subfield code="9">IT\ICCU\CNCM\001531</subfield>
  </datafield>
  <datafield tag="911" ind1=" " ind2=" ">
    <subfield code="a">In fine</subfield>
    <subfield code="9">IT\ICCU\CNCM\001317</subfield>
  </datafield>
  <datafield tag="921" ind1=" " ind2=" ">
    <subfield code="a">IT\ICCU\CNCM\001531</subfield>
    <subfield code="b">Ercole con la clava uccide l&apos;idra di Lerna. Torcia e spada ai suoi piedi. Sullo sfondo una palma.</subfield>
    <subfield code="e">1) Astus virtute superandus; 2) Invidia virtute superatur.</subfield>
    <subfield code="c">U435</subfield>
    <subfield code="d">Dimensioni: 5 x 6</subfield>
    <subfield code="f">ERCOLE</subfield>
    <subfield code="f">INVIDIAVIR</subfield>
    <subfield code="f">IDRA</subfield>
    <subfield code="g">1563-1600</subfield>
  </datafield>
  <datafield tag="921" ind1=" " ind2=" ">
    <subfield code="a">IT\ICCU\CNCM\001317</subfield>
    <subfield code="b">Lupo in scudo sostenuto da due putti. In cornice figurata</subfield>
    <subfield code="c">U288</subfield>
    <subfield code="d">Dimensioni: 5,5 x 6</subfield>
    <subfield code="f">LUPO</subfield>
    <subfield code="g">1550-1577</subfield>
  </datafield>
</record>
</collection>
